@article{main_paper,
title = {Towards benchmark datasets for machine learning based website phishing detection: An experimental study},
journal = {Engineering Applications of Artificial Intelligence},
volume = {104},
pages = {104347},
year = {2021},
issn = {0952-1976},
doi = {https://doi.org/10.1016/j.engappai.2021.104347},
url = {https://www.sciencedirect.com/science/article/pii/S0952197621001950},
author = {Abdelhakim Hannousse and Salima Yahiouche},
keywords = {Website phishing attacks, Machine learning, Dataset benchmarking, Information security},
}