@article{mainpaper,
title = {Towards benchmark datasets for machine learning based website phishing detection: An experimental study},
journal = {Engineering Applications of Artificial Intelligence},
volume = {104},
pages = {104347},
year = {2021},
issn = {0952-1976},
doi = {https://doi.org/10.1016/j.engappai.2021.104347},
url = {https://www.sciencedirect.com/science/article/pii/S0952197621001950},
author = {Abdelhakim Hannousse and Salima Yahiouche},
keywords = {Website phishing attacks, Machine learning, Dataset benchmarking, Information security},
}

@article{domainage,
author={Hranický, Radek and Horák, Adam and Polišenský, Jan and Jeřábek, Kamil and Ryšavý, Ondřej},
booktitle={NOMS 2024-2024 IEEE Network Operations and Management Symposium}, 
title={Unmasking the Phishermen: Phishing Domain Detection with Machine Learning and Multi-Source Intelligence}, 
year={2024},
volume={},
number={},
pages={1-5},
keywords={Training;Support vector machines;Phishing;Soft sensors;Standards organizations;Machine learning;Vectors;Phishing;Domain;Detection;Machine learning;XGBoost;Features;DNS;RDAP;TLS;GeoIP},
doi={10.1109/NOMS59830.2024.10575573}
}

@article{externalhyperlinks,
author = {Aljofey, Ali and Jiang, Qingshan and Rasool, Abdur and Chen, Hui and Liu, Wenyin and Qu, Qiang and Wang, Yang},
title = {An effective detection approach for phishing websites using URL and HTML features},
journal = {Scientific Reports},
volume = {12},
number = {1},
pages = {8842},
year = {2022},
month = {5},
}

@article{GTR,
author={Naga Venkata Sunil, A. and Sardana, Anjali},
booktitle={2012 IEEE Symposium on Computers & Informatics (ISCI)}, 
title={A PageRank based detection technique for phishing web sites}, 
year={2012},
volume={},
number={},
pages={58-63},
keywords={Google;Accuracy;IP networks;Training;Web sites;Testing;Electronic mail;Phishing;PageRank;Google Toolbar Rank},
doi={10.1109/ISCI.2012.6222667}}

@ARTICLE{introduction1,
  author={Zieni, Rasha and Massari, Luisa and Calzarossa, Maria Carla},
  journal={IEEE Access}, 
  title={Phishing or Not Phishing? A Survey on the Detection of Phishing Websites}, 
  year={2023},
  volume={11},
  number={},
  pages={18499-18519},
  keywords={Phishing;Uniform resource locators;Machine learning;Security;Blocklists;Visualization;Market research;Social engineering (security);Phishing;security threat;phishing website;phishing detection;URL;blacklists;machine learning;page similarity;datasets;social engineering},
  doi={10.1109/ACCESS.2023.3247135}}

@ARTICLE{introduction2,
author={Dou, Zuochao and Khalil, Issa and Khreishah, Abdallah and Al-Fuqaha, Ala and Guizani, Mohsen},
journal={IEEE Communications Surveys & Tutorials}, 
title={Systematization of Knowledge (SoK): A Systematic Review of Software-Based Web Phishing Detection}, 
year={2017},
volume={19},
number={4},
pages={2797-2819},
keywords={Systematics;Phishing;Feature extraction;Web sites;Phishing;Phishing website detection;software based methods},
doi={10.1109/COMST.2017.2752087}}
